<record xmlns="http://www.loc.gov/MARC21/slim">
   <leader>02955cam a2200397 i 4500</leader>
   <controlfield tag="001">6775744</controlfield>
   <controlfield tag="003">OCoLC</controlfield>
   <controlfield tag="005">20150105104008.0</controlfield>
   <controlfield tag="008">140714t20152015flua     b    001 0 eng  </controlfield>
   <datafield ind1=" " ind2=" " tag="010">
      <subfield code="a">  2014025997</subfield>
   </datafield>
   <datafield ind1=" " ind2=" " tag="020">
      <subfield code="a">9781466581678</subfield>
      <subfield code="q">hardcover : alk. paper</subfield>
   </datafield>
   <datafield ind1=" " ind2=" " tag="020">
      <subfield code="a">1466581670</subfield>
      <subfield code="q">hardcover : alk. paper</subfield>
   </datafield>
   <datafield ind1=" " ind2=" " tag="040">
      <subfield code="a">DNAL/DLC</subfield>
      <subfield code="b">eng</subfield>
      <subfield code="e">rda</subfield>
      <subfield code="c">AGL</subfield>
      <subfield code="d">DLC</subfield>
      <subfield code="d">BTCTA</subfield>
      <subfield code="d">OCLCO</subfield>
      <subfield code="d">UNA</subfield>
      <subfield code="d">YDXCP</subfield>
      <subfield code="d">CRCPR</subfield>
      <subfield code="d">OCLCQ</subfield>
      <subfield code="d">UAB</subfield>
   </datafield>
   <datafield ind1=" " ind2=" " tag="042">
      <subfield code="a">pcc</subfield>
   </datafield>
   <datafield ind1="0" ind2="0" tag="050">
      <subfield code="a">QK570.2</subfield>
      <subfield code="b">.M37 2015</subfield>
   </datafield>
   <datafield ind1="0" ind2=" " tag="070">
      <subfield code="a">QK570.2</subfield>
      <subfield code="b">.M37 2015</subfield>
   </datafield>
   <datafield ind1="0" ind2="0" tag="082">
      <subfield code="a">579.8/177</subfield>
      <subfield code="2">23</subfield>
   </datafield>
   <datafield ind1=" " ind2=" " tag="090">
      <subfield code="a">QK 570.2 M37 2015</subfield>
      <subfield code="b">AEU</subfield>
   </datafield>
   <datafield ind1="0" ind2="0" tag="245">
      <subfield code="a">Marine algae :</subfield>
      <subfield code="b">biodiversity, taxonomy, environmental assessment, and biotechnology /</subfield>
      <subfield code="c">editors, Leonel Pereira and João M. Neto (Department of Life Sciences, IMAR-CMA and MARE (Marine and Environmental Sciences Centre), University of Coimbra, Coimbra, Portugal).</subfield>
   </datafield>
   <datafield ind1=" " ind2="1" tag="264">
      <subfield code="a">Boca Raton, FL :</subfield>
      <subfield code="b">CRC Press, Taylor &amp; Francis Group,</subfield>
      <subfield code="c">[2015]</subfield>
   </datafield>
   <datafield ind1=" " ind2="4" tag="264">
      <subfield code="c">©2015</subfield>
   </datafield>
   <datafield ind1=" " ind2=" " tag="300">
      <subfield code="a">viii, 390 pages :</subfield>
      <subfield code="b">illustrations (some color) ;</subfield>
      <subfield code="c">24 cm</subfield>
   </datafield>
   <datafield ind1=" " ind2=" " tag="336">
      <subfield code="a">text</subfield>
      <subfield code="b">txt</subfield>
      <subfield code="2">rdacontent</subfield>
   </datafield>
   <datafield ind1=" " ind2=" " tag="337">
      <subfield code="a">unmediated</subfield>
      <subfield code="b">n</subfield>
      <subfield code="2">rdamedia</subfield>
   </datafield>
   <datafield ind1=" " ind2=" " tag="338">
      <subfield code="a">volume</subfield>
      <subfield code="b">nc</subfield>
      <subfield code="2">rdacarrier</subfield>
   </datafield>
   <datafield ind1=" " ind2=" " tag="500">
      <subfield code="a">"A Science Publishers book."</subfield>
   </datafield>
   <datafield ind1=" " ind2=" " tag="504">
      <subfield code="a">Includes bibliographical references and index.</subfield>
   </datafield>
   <datafield ind1="0" ind2=" " tag="505">
      <subfield code="a">Marine algae: general aspects (biology, systematics, field and laboratory techniques) / Tomás Gallardo -- Searching for ecological reference conditions of marine macroalgae / Rui Gaspar, João M. Neto and Leonel Pereira -- Marine macroalgae and the assessment of ecological conditions / João M. Neto, José A. Juanes, Are Pedersen and Clare Scanlan -- Understanding biological invasions by seaweeds / Fátima Vaz-Pinto, Ivan F. Rodil, Frédéric Mineur, Celia Olabarria and Francisco Arenas -- Marine algae as carbon sinks and allies to combat global warming / Francisco Arenas and Fátima Vaz-Pinto -- Review of marine algae as source of bioactive metabolites: a marine biotechnology approach / Loïc G. Carvalho and Leonel Pereira -- Analysis by vibrational spectroscopy of seaweed with potential use in food, pharmaceutical and cosmetic industries / Leonel Pereira and Paulo J.A. Ribeiro-Claro -- Kappaphycus (Rhodophyta) cultivation: problems and the impacts of Acadian marine plant extract powder / Anicia Q. Hurtado, Renata Perpetuo Reis, Rafael R. Loureiro and Alan T. Critchley -- Marine algae and the global food industry / Maria Helena Abreu, Rui Pereira and Jean-François Sassi -- Marine microalgae and human health / Sarah Hotchkiss and Catherine Murphy -- Internet information resources for marine algae / Michael D. Guiry and Liam Morrison.</subfield>
   </datafield>
   <datafield ind1=" " ind2=" " tag="596">
      <subfield code="a">16</subfield>
   </datafield>
   <datafield ind1=" " ind2="0" tag="650">
      <subfield code="a">Marine algae</subfield>
      <subfield code="v">Classification.</subfield>
   </datafield>
   <datafield ind1=" " ind2="0" tag="650">
      <subfield code="a">Marine algae</subfield>
      <subfield code="x">Biotechnology.</subfield>
   </datafield>
   <datafield ind1=" " ind2="0" tag="650">
      <subfield code="a">Indicators (Biology)</subfield>
   </datafield>
   <datafield ind1="1" ind2=" " tag="700">
      <subfield code="a">Pereira, Leonel.</subfield>
   </datafield>
   <datafield ind1="1" ind2=" " tag="700">
      <subfield code="a">Neto, João M.</subfield>
   </datafield>
   <datafield ind1=" " ind2=" " tag="949">
      <subfield code="a">QK 570.2 M37 2015</subfield>
      <subfield code="c">1</subfield>
      <subfield code="h">UAAU-B</subfield>
      <subfield code="i">0162035220415</subfield>
   </datafield>
   <datafield ind1=" " ind2=" " tag="926">
      <subfield code="a">QK 570.2 M37 2015</subfield>
      <subfield code="w">LC</subfield>
      <subfield code="c">1</subfield>
      <subfield code="i">0162035220415</subfield>
      <subfield code="l">ON_SHELF</subfield>
      <subfield code="m">UAAUG</subfield>
      <subfield code="p">$150.00</subfield>
      <subfield code="r">Y</subfield>
      <subfield code="s">Y</subfield>
      <subfield code="t">BOOK</subfield>
      <subfield code="u">1/14/2015</subfield>
   </datafield>
</record>
